@article{Sutton88learningto,
    author = {Richard S. Sutton},
    title = {Learning to predict by the methods of temporal differences},
    booktitle = {MACHINE LEARNING},
    year = {1988},
    pages = {9--44},
    publisher = {Kluwer Academic Publishers}
}
